@book{silberstein, title={Cellular Automata and Groups}, author = {Ceccherini-Silberstein, Tullio  and Coornaert, Michel}, year = {2010}, publisher = {Springer}
}